<?xml version="1.0" encoding="UTF-8"?><collection xmlns="http://www.loc.gov/MARC21/slim"><record><leader>00510nam--2200181-u-4500</leader><controlfield tag="001">000054763</controlfield><controlfield tag="002">20161230</controlfield><controlfield tag="005">20161230201051</controlfield><controlfield tag="008">120606s1000------------r-----000-0-eng-d</controlfield><datafield ind1=" " ind2=" " tag="040"><subfield code="a">IFIN-HH</subfield></datafield><datafield ind1=" " ind2=" " tag="080"><subfield code="a">539.171</subfield></datafield><datafield ind1="1" ind2=" " tag="100"><subfield code="a">Mahaux, C</subfield></datafield><datafield ind1="1" ind2=" " tag="245"><subfield code="a">Shell-model approach to nuclear reactions</subfield><subfield code="c">Laude mahaux, hans a. weidenmuller</subfield></datafield><datafield ind1=" " ind2=" " tag="260"><subfield code="a">Amsterdam</subfield><subfield code="b">North-holland Publishing Company</subfield><subfield code="c">1969</subfield></datafield><datafield ind1=" " ind2=" " tag="300"><subfield code="a">XII+347P</subfield></datafield><datafield ind1="1" ind2=" " tag="700"><subfield code="a">Weidenmuller, H.A</subfield></datafield><datafield ind1=" " ind2=" " tag="852"><subfield code="a">31846</subfield><subfield code="c">539.17</subfield></datafield><datafield ind1=" " ind2=" " tag="CAT"><subfield code="a">Sys</subfield><subfield code="c">20120606</subfield><subfield code="h">153644</subfield></datafield></record></collection>